@article{Beauce_2017_FMF,
  title={Fast matched filter (FMF): An efficient seismic matched-filter search for both CPU and GPU architectures},
  author={Beauc{\'e}, Eric and Frank, William B and Romanenko, Alexey},
  journal={Seismological Research Letters},
  volume={89},
  number={1},
  pages={165--172},
  year={2017},
  publisher={Seismological Society of America}
}

@article{Frank_2016_AMF,
  title={Adapting the Matched-Filter Search to a Wide-Aperture Network: An Aftershock Sequence and an Earthquake Swarm in ConnecticutShort Note},
  author={Frank, William B and Abercrombie, Rachel E},
  journal={Bulletin of the Seismological Society of America},
  volume={108},
  number={1},
  pages={524--532},
  year={2018},
  publisher={GeoScienceWorld}
}

