@article{Rikitake_1975_EP,
  title={Earthquake precursors},
  author={Rikitake, Tsuneji},
  journal={Bulletin of the Seismological Society of America},
  volume={65},
  number={5},
  pages={1133--1162},
  year={1975},
  publisher={The Seismological Society of America}
}
