@article{Hu_2016_IEJ,
  title={Investigation of earthquake jump distance for strike-slip step overs based on 3-D dynamic rupture simulations in an elastic half-space},
  author={Hu, Feng and Zhang, Zhenguo and Chen, Xiaofei},
  journal={JGR Solid Earth},
  volume={121},
  number={2},
  pages={994--1006},
  year={2016},
  publisher={Wiley Online Library}
}

@article{Li_2020_ERT,
  title={Earthquake Rupture Through a Step-Over Fault System: An Exploratory Numerical Study of the Leech River Fault, Southern Vancouver Island},
  author={Li, Ge and Liu, Yajing},
  journal={JGR Solid Earth},
  volume={125},
  number={11},
  pages={e2020JB020059},
  year={2020},
  publisher={Wiley Online Library}
}

@article{Pousse_2020_LPN,
  title={Localized afterslip at geometrical complexities revealed by InSAR after the 2016 Central Italy seismic sequence},
  author={Pousse-Beltran, L{\'e}a and Socquet, Anne and Benedetti, Lucilla and Doin, Marie-Pierre and Rizza, Magali and d'Agostino, Nicola},
  journal={Journal of Geophysical Research: Solid Earth},
  volume={125},
  number={11},
  pages={e2019JB019065},
  year={2020},
  publisher={Wiley Online Library}
}

@article{Improta_2019_AVN,
  title={Multi-segment rupture of the 2016 Amatrice-Visso-Norcia seismic sequence (central Italy) constrained by the first high-quality catalog of Early Aftershocks},
  author={Improta, Luigi and Latorre, Diana and Margheriti, Lucia and Nardi, Anna and Marchetti, Alessandro and Lombardi, Anna Maria and Castello, Barbara and Villani, Fabio and Ciaccio, Maria Grazia and Mele, Francesco Mariano and others},
  journal={Sci. Rep.},
  volume={9},
  number={1},
  pages={1--13},
  year={2019},
  publisher={Nature Publishing Group}
}

@article{Valoroso_2013_AQUILA,
  title={Radiography of a normal fault system by 64,000 high-precision earthquake locations: The 2009 L'Aquila (central Italy) case study},
  author={Valoroso, L and Chiaraluce, L and Piccinini, D and Di Stefano, R and Schaff, D and Waldhauser, Felix},
  journal={JGR Solid Earth},
  volume={118},
  number={3},
  pages={1156--1176},
  year={2013},
  publisher={Wiley Online Library}
}

@article{Bernard_1989_IRPINIA,
  title={The Irpinia (Italy) 1980 earthquake: detailed analysis of a complex normal faulting},
  author={Bernard, Pascal and Zollo, Aldo},
  journal={JGR Solid Earth},
  volume={94},
  number={B2},
  pages={1631--1647},
  year={1989},
  publisher={Wiley Online Library}
}

@article{Bai_2017_ESD,
  title={Effect of seismogenic depth and background stress on physical limits of earthquake rupture across fault step overs},
  author={Bai, Kangchen and Ampuero, Jean-Paul},
  journal={JGR Solid Earth},
  volume={122},
  number={12},
  pages={10--280},
  year={2017},
  publisher={Wiley Online Library}
}


@article{Walker_2021_FAULT2SHA,
  title={Fault2SHA Central Apennines database and structuring active fault data for seismic hazard assessment},
  author={Walker, Joanna Faure and Boncio, Paolo and Pace, Bruno and Roberts, Gerald and Benedetti, Lucilla and Scotti, Oona and Visini, Francesco and Peruzza, Laura},
  journal={Sci. Dat.},
  volume={8},
  number={1},
  pages={1--20},
  year={2021},
  publisher={Nature Publishing Group}
}

@inproceedings{Uphoff_2017_ESM,
  title={Extreme scale multi-physics simulations of the tsunamigenic 2004 sumatra megathrust earthquake},
  author={Uphoff, Carsten and Rettenberger, Sebastian and Bader, Michael and Madden, Elizabeth H and Ulrich, Thomas and Wollherr, Stephanie and Gabriel, Alice-Agnes},
  booktitle={Proc. Int. HPC},
  pages={1--16},
  year={2017}
}

@inproceedings{Breuer_2014_SPP,
  title={Sustained petascale performance of seismic simulations with SeisSol on SuperMUC},
  author={Breuer, Alexander and Heinecke, Alexander and Rettenberger, Sebastian and Bader, Michael and Gabriel, Alice-Agnes and Pelties, Christian},
  booktitle={Int. SupComp. Conf.},
  pages={1--18},
  year={2014},
  organization={Springer}
}
@article{Ulrich_2019_DVK,
  title={Dynamic viability of the 2016 Mw 7.8 Kaik{\=o}ura earthquake cascade on weak crustal faults},
  author={Ulrich, Thomas and Gabriel, Alice-Agnes and Ampuero, Jean-Paul and Xu, Wenbin},
  journal={Nat. Commun.},
  volume={10},
  number={1},
  pages={1--16},
  year={2019},
  publisher={Nature Publishing Group}
}
@incollection{Kaser_2010_SEISSOL,
  title={SeisSol--a software for seismic wave propagation simulations},
  author={K{\"a}ser, Martin and Castro, Cristobal and Hermann, Verena and Pelties, Christian},
  booktitle={HPC in Science},
  pages={281--292},
  year={2010},
  publisher={Springer}
}
@article{Ulrich_2019_CPB,
  title={Coupled, physics-based modeling reveals earthquake displacements are critical to the 2018 Palu, Sulawesi tsunami},
  author={Ulrich, Thomas and Vater, Stefan and Madden, Elizabeth H and Behrens, J{\"o}rn and van Dinther, Ylona and Van Zelst, Iris and Fielding, Eric J and Liang, Cunren and Gabriel, A-A},
  journal={Pure App. Geophys.},
  volume={176},
  number={10},
  pages={4069--4109},
  year={2019},
  publisher={Springer}
}
@article{Wollherr_2018_OFP,
  title={Off-fault plasticity in three-dimensional dynamic rupture simulations using a modal Discontinuous Galerkin method on unstructured meshes: implementation, verification and application},
  author={Wollherr, Stephanie and Gabriel, Alice-Agnes and Uphoff, Carsten},
  journal={GJI},
  volume={214},
  number={3},
  pages={1556--1584},
  year={2018},
  publisher={Oxford University Press}
}
