% Encoding: UTF-8

@Article{Klaucke2020,
  author  = {Franziska Klaucke AND Christian Hoffmann AND Mathias Hofmann AND George Tsatsaronis},
  title   = {Impact of the chlorine value chain on the demand response potential of the chloralkali process},
  journal = {Appl. Energy},
  year    = {2020},
  volume  = {276},
  pages   = {115366},
}

@Article{Hofmann2018,
  author  = {Mathias Hofmann AND George Tsatsaronis},
  title   = {Comparative exergoeconomic assessment of coal-fired power plants–Binary Rankine cycle versus conventional steam cycle},
  journal = {Energy},
  year    = {2018},
  volume  = {142},
  pages   = {168-179},
}

@Book{epple2009,
  title     = {Simulation von Kraftwerken und wärmetechnischen Anlagen},
  publisher = {Springer},
  year      = {2009},
  editor    = {Bernd Epple AND Reinhard Leithner AND Wladimir Linzer AND Heimo Walter},
  address   = {Wien},
}

@Book{gruhn1976,
  title     = {Modellierung und Simulation verfahrenstechnischer Systeme},
  publisher = {Dt. Verlag f. Grundstoffind.},
  year      = {1976},
  author    = {G. Gruhn},
}
@Comment{jabref-meta: databaseType:bibtex;}
